<record><leader>00000cas a22000007a 4500</leader><controlfield tag="001">10239902</controlfield><controlfield tag="008">831221d18581865moudn ne      0    0eng  </controlfield><datafield ind1=" " ind2=" " tag="010"><subfield code="a">sn 83016979 </subfield></datafield><datafield ind1=" " ind2=" " tag="040"><subfield code="a">DLC</subfield><subfield code="b">eng</subfield><subfield code="c">DLC</subfield><subfield code="d">MQN</subfield><subfield code="d">NVF</subfield><subfield code="d">OCL</subfield><subfield code="d">OCLCO</subfield><subfield code="d">OCLCF</subfield><subfield code="d">CUS</subfield><subfield code="d">OCLCA</subfield></datafield><datafield ind1=" " ind2=" " tag="042"><subfield code="a">msc</subfield></datafield><datafield ind1="0" ind2="0" tag="050"><subfield code="a">Newspaper 8583-X</subfield></datafield><datafield ind1="1" ind2="4" tag="050"><subfield code="a">AN</subfield></datafield><datafield ind1="0" ind2="0" tag="245"><subfield code="a">Hannibal daily messenger.</subfield></datafield><datafield ind1="1" ind2=" " tag="246"><subfield code="i">Published as:</subfield><subfield code="a">Daily Hannibal messenger</subfield><subfield code="f">June 5, 1859-&lt;Dec. 6, 1859&gt;</subfield></datafield><datafield ind1=" " ind2=" " tag="260"><subfield code="a">Hannibal, Mo. :</subfield><subfield code="b">Wm. T. League &amp; Co.,</subfield><subfield code="c">1858-</subfield></datafield><datafield ind1=" " ind2=" " tag="300"><subfield code="a">volumes</subfield></datafield><datafield ind1=" " ind2=" " tag="310"><subfield code="a">Daily (except Monday)</subfield></datafield><datafield ind1=" " ind2=" " tag="336"><subfield code="a">text</subfield><subfield code="b">txt</subfield><subfield code="2">rdacontent</subfield></datafield><datafield ind1=" " ind2=" " tag="337"><subfield code="a">unmediated</subfield><subfield code="b">n</subfield><subfield code="2">rdamedia</subfield></datafield><datafield ind1=" " ind2=" " tag="338"><subfield code="a">volume</subfield><subfield code="b">nc</subfield><subfield code="2">rdacarrier</subfield></datafield><datafield ind1="0" ind2=" " tag="362"><subfield code="a">Vol. 1, no. 1 (Dec. 7, 1858)-</subfield></datafield><datafield ind1="1" ind2=" " tag="362"><subfield code="a">Ceased in 1865.</subfield></datafield><datafield ind1=" " ind2=" " tag="580"><subfield code="a">Weekly eds.: Hannibal messenger, 1858-&lt;1860&gt;, and: Hannibal weekly messenger, &lt;1860-1861&gt;.</subfield></datafield><datafield ind1=" " ind2="0" tag="651"><subfield code="a">Hannibal (Mo.)</subfield><subfield code="v">Newspapers.</subfield></datafield><datafield ind1=" " ind2="7" tag="651"><subfield code="a">Missouri</subfield><subfield code="z">Hannibal.</subfield><subfield code="2">fast</subfield><subfield code="0">(OCoLC)fst01223156</subfield></datafield><datafield ind1=" " ind2="7" tag="655"><subfield code="a">Newspapers.</subfield><subfield code="2">fast</subfield><subfield code="0">(OCoLC)fst01423814</subfield></datafield><datafield ind1=" " ind2=" " tag="752"><subfield code="a">United States</subfield><subfield code="b">Missouri</subfield><subfield code="c">Marion</subfield><subfield code="d">Hannibal.</subfield></datafield><datafield ind1="1" ind2=" " tag="775"><subfield code="t">Hannibal messenger</subfield><subfield code="w">(DLC)sn 89067492</subfield><subfield code="w">(OCoLC)20850368</subfield></datafield><datafield ind1="1" ind2=" " tag="775"><subfield code="t">Hannibal weekly messenger</subfield><subfield code="w">(DLC)sn 97061111</subfield><subfield code="w">(OCoLC)36679943</subfield></datafield><datafield ind1="0" ind2="0" tag="780"><subfield code="t">Tri-weekly messenger</subfield><subfield code="w">(DLC)sn 89067498</subfield><subfield code="w">(OCoLC)20850321</subfield></datafield><datafield ind1="0" ind2="4" tag="785"><subfield code="t">Daily north Missouri courier</subfield><subfield code="w">(DLC)sn 83016980</subfield><subfield code="w">(OCoLC)10240020</subfield></datafield><datafield ind1="1" ind2=" " tag="029"><subfield code="a">AU@</subfield><subfield code="b">000020225959</subfield></datafield></record>